@inproceedings{kardes2014ccf,
  title={Ccf: Fast and scalable connected component computation in mapreduce},
  author={Kardes, Hakan and Agrawal, Siddharth and Wang, Xin and Sun, Ang},
  booktitle={2014 International Conference on Computing, Networking and Communications (ICNC)},
  pages={994--998},
  year={2014},
  organization={IEEE}
}

@misc{snapnets,
  author       = {Jure Leskovec and Andrej Krevl},
  title        = {{SNAP Datasets}: {Stanford} Large Network Dataset Collection},
  howpublished = {\url{http://snap.stanford.edu/data}},
  month        = jun,
  year         = 2014
}

@article{lin2010data,
  title={Data-intensive text processing with MapReduce},
  author={Lin, Jimmy and Dyer, Chris},
  journal={Synthesis Lectures on Human Language Technologies},
  volume={3},
  number={1},
  pages={1--177},
  year={2010},
  publisher={Morgan \& Claypool Publishers}
}


@misc{secondary,
  author       = {Sebastian Brestin },
  title        = {Spark Secondary Sort},
  howpublished = {\url{https://www.qwertee.io/blog/spark-secondary-sort/}},
  month        = apr,
  year         = 2019
}